<record><leader>00000cas a22000007a 4500</leader><controlfield tag="001">10503283</controlfield><controlfield tag="008">840309u184818uumauwr ne      0    0eng d</controlfield><controlfield tag="009">3768</controlfield><datafield ind1=" " ind2=" " tag="010"><subfield code="a">sn 84022606 </subfield></datafield><datafield ind1=" " ind2=" " tag="040"><subfield code="a">NPX</subfield><subfield code="b">eng</subfield><subfield code="c">NPX</subfield><subfield code="d">NPU</subfield><subfield code="d">OCL</subfield></datafield><datafield ind1=" " ind2=" " tag="042"><subfield code="a">msc</subfield></datafield><datafield ind1=" " ind2=" " tag="043"><subfield code="a">n-us-ma</subfield></datafield><datafield ind1="0" ind2=" " tag="130"><subfield code="a">Weekly herald (Boston, Mass. : 1848)</subfield></datafield><datafield ind1="0" ind2="4" tag="245"><subfield code="a">The Weekly herald.</subfield></datafield><datafield ind1=" " ind2=" " tag="260"><subfield code="a">Boston [Mass.] :</subfield><subfield code="b">S.K. Head,</subfield><subfield code="c">1848-</subfield></datafield><datafield ind1=" " ind2=" " tag="300"><subfield code="a">v. ;</subfield><subfield code="c">52 cm.</subfield></datafield><datafield ind1=" " ind2=" " tag="310"><subfield code="a">Weekly</subfield></datafield><datafield ind1="0" ind2=" " tag="362"><subfield code="a">Vol. 2, no. 1(Dec. 30, 1848)-</subfield></datafield><datafield ind1=" " ind2=" " tag="500"><subfield code="a">Publisher: J.A. French, Mar. 3, 1849-</subfield></datafield><datafield ind1=" " ind2=" " tag="500"><subfield code="a">Published on Saturday.</subfield></datafield><datafield ind1=" " ind2=" " tag="500"><subfield code="a">Daily ed.: Boston herald (1847).</subfield></datafield><datafield ind1="1" ind2=" " tag="700"><subfield code="a">French, John A.</subfield></datafield><datafield ind1=" " ind2=" " tag="752"><subfield code="a">United States</subfield><subfield code="b">Massachusetts</subfield><subfield code="c">Suffolk</subfield><subfield code="d">Boston.</subfield></datafield><datafield ind1="1" ind2=" " tag="775"><subfield code="t">Boston herald (1847)</subfield><subfield code="w">(DLC)sn 84022605</subfield></datafield><datafield ind1="0" ind2="0" tag="780"><subfield code="t">Sunday morning herald</subfield><subfield code="w">(DLC)sn 85033690</subfield></datafield></record>